@article{bubeck,
  title={Convex optimization: Algorithms and complexity},
  author={Bubeck, S{\'e}bastien and others},
  journal={Foundations and Trends{\textregistered} in Machine Learning},
  volume={8},
  number={3-4},
  pages={231--357},
  year={2015},
  publisher={Now Publishers, Inc.}
}

@article{bach,
  title={Statistical machine learning and convex optimization},
  author={Bach, Francis},
  howpublished = "http://www.di.ens.fr/\%7Efbach/fbach\_frejus\_2017.pdf"
}

@article{linearcoupling,
  title={Linear coupling: An ultimate unification of gradient and mirror descent},
  author={Allen-Zhu, Zeyuan and Orecchia, Lorenzo},
  journal={arXiv preprint arXiv:1407.1537},
  year={2014}
}

@article{rigollet,
  title={18.657 Mathematics of Machine Learning. Fall 2015},
  howpublished = "https://ocw.mit.edu/courses/mathematics/18-657-mathematics-of-machine-learning-fall-2015/lecture-notes/",
  author={Rigollet, Philippe},
  year={2015}
}
@inproceedings{nesterov1983method,
  title={A method of solving a convex programming problem with convergence rate O (1/k2)},
  author={Nesterov, Yurii}
}
@article{nesterov2005smooth,
  title={Smooth minimization of non-smooth functions},
  author={Nesterov, Yu},
  journal={Mathematical programming},
  volume={103},
  number={1},
  pages={127--152},
  year={2005},
  publisher={Springer}
}
